<record><leader>00000cas a22000007a 4500</leader><controlfield tag="001">1756712</controlfield><controlfield tag="008">751101d19361939mnuwr ne      0    0eng d</controlfield><datafield ind1=" " ind2=" " tag="010"><subfield code="a">sn 90059249 </subfield></datafield><datafield ind1=" " ind2=" " tag="040"><subfield code="a">MUL</subfield><subfield code="b">eng</subfield><subfield code="c">MUL</subfield><subfield code="d">MN#</subfield><subfield code="d">OCLCQ</subfield><subfield code="d">DLC</subfield><subfield code="d">OCLCF</subfield></datafield><datafield ind1="1" ind2=" " tag="029"><subfield code="a">AU@</subfield><subfield code="b">000025879224</subfield></datafield><datafield ind1=" " ind2=" " tag="042"><subfield code="a">msc</subfield></datafield><datafield ind1=" " ind2=" " tag="043"><subfield code="a">n-us-mn</subfield></datafield><datafield ind1=" " ind2=" " tag="052"><subfield code="a">4144</subfield><subfield code="b">W28</subfield></datafield><datafield ind1=" " ind2=" " tag="052"><subfield code="a">4143</subfield><subfield code="b">M35</subfield></datafield><datafield ind1="0" ind2="0" tag="245"><subfield code="a">Marshall County star.</subfield></datafield><datafield ind1="3" ind2="0" tag="246"><subfield code="a">Star booster</subfield></datafield><datafield ind1=" " ind2=" " tag="260"><subfield code="a">Warren, Marshall County, Minn. :</subfield><subfield code="b">Verner Nelson,</subfield><subfield code="c">1936-1939.</subfield></datafield><datafield ind1=" " ind2=" " tag="300"><subfield code="a">4 v.</subfield></datafield><datafield ind1=" " ind2=" " tag="310"><subfield code="a">Weekly</subfield></datafield><datafield ind1="0" ind2=" " tag="362"><subfield code="a">Vol. 1, no. 1 (Feb. 20, 1936)-v. 4, no. 37 (Oct. 26, 1939).</subfield></datafield><datafield ind1=" " ind2=" " tag="500"><subfield code="a">First issue preceded by a "booster edition" called: The star booster.</subfield></datafield><datafield ind1=" " ind2=" " tag="530"><subfield code="a">Available on microfilm from the Minnesota Historical Society.</subfield></datafield><datafield ind1=" " ind2="0" tag="651"><subfield code="a">Warren (Minn.)</subfield><subfield code="v">Newspapers.</subfield></datafield><datafield ind1=" " ind2="7" tag="655"><subfield code="a">Newspapers.</subfield><subfield code="2">fast</subfield><subfield code="0">(OCoLC)fst01423814</subfield></datafield><datafield ind1=" " ind2="7" tag="651"><subfield code="a">Minnesota</subfield><subfield code="z">Warren.</subfield><subfield code="2">fast</subfield><subfield code="0">(OCoLC)fst01250897</subfield></datafield><datafield ind1=" " ind2=" " tag="752"><subfield code="a">United States</subfield><subfield code="b">Minnesota</subfield><subfield code="c">Marshall</subfield><subfield code="d">Warren.</subfield></datafield><datafield ind1="0" ind2="4" tag="785"><subfield code="t">Warren sheaf</subfield><subfield code="x">2166-8280</subfield><subfield code="w">(DLC)sn 90059228</subfield><subfield code="w">(OCoLC)1696330</subfield></datafield></record>